@online{site:tabris,
	title = {Tabris.js},
	url   = {https://tabrisjs.com/}
}

@online{site:native-script,
	title = {NativeScript},
	url   = {https://www.nativescript.org/}
}

@online{site:react-native,
	title = {React Native},
	url   = {https://facebook.github.io/react-native/}
}

@online{site:flux,
	title = {Flux},
	url   = {http://facebook.github.io/flux/}
}

@online{site:atom,
	title = {Atom},
	url   = {https://atom.io}
}

@online{site:nuclide,
	title = {Nuclide},
	url   = {http://nuclide.io}
}

